<record><leader>00000cas a2200000 a 4500</leader><controlfield tag="001">11514106</controlfield><controlfield tag="008">841220d19751978ohumn ne      0    0eng d</controlfield><datafield ind1=" " ind2=" " tag="010"><subfield code="a">sn 91069269 </subfield></datafield><datafield ind1=" " ind2=" " tag="040"><subfield code="a">OBE</subfield><subfield code="b">eng</subfield><subfield code="c">OBE</subfield><subfield code="d">ONP</subfield><subfield code="d">OCL</subfield><subfield code="d">OCLCQ</subfield><subfield code="d">OCLCF</subfield><subfield code="d">OCLCO</subfield></datafield><datafield ind1=" " ind2=" " tag="042"><subfield code="a">msc</subfield></datafield><datafield ind1=" " ind2=" " tag="043"><subfield code="a">n-us-oh</subfield></datafield><datafield ind1="0" ind2=" " tag="130"><subfield code="a">Ruby Tuesday (Oberlin, Ohio : 1975)</subfield></datafield><datafield ind1="1" ind2="0" tag="245"><subfield code="a">Ruby Tuesday.</subfield></datafield><datafield ind1=" " ind2=" " tag="260"><subfield code="a">Oberlin, Ohio :</subfield><subfield code="b">Womens Resource Center,</subfield><subfield code="c">-1978.</subfield></datafield><datafield ind1=" " ind2=" " tag="300"><subfield code="a">v.</subfield></datafield><datafield ind1=" " ind2=" " tag="310"><subfield code="a">Monthly (during the academic year)</subfield></datafield><datafield ind1="1" ind2=" " tag="362"><subfield code="a">Began in Oct. 1975.</subfield></datafield><datafield ind1="0" ind2=" " tag="362"><subfield code="a">-v. 3, no. 4 (May 1978).</subfield></datafield><datafield ind1=" " ind2=" " tag="500"><subfield code="a">"Ruby Tuesday is a non-profit student organization of Oberlin College."</subfield></datafield><datafield ind1=" " ind2=" " tag="588"><subfield code="a">Description based on: No. 2 (Nov. 1975).</subfield></datafield><datafield ind1=" " ind2="0" tag="650"><subfield code="a">Feminism</subfield><subfield code="z">Ohio</subfield><subfield code="z">Oberlin</subfield><subfield code="v">Newspapers.</subfield></datafield><datafield ind1=" " ind2="7" tag="655"><subfield code="a">Newspapers.</subfield><subfield code="2">fast</subfield><subfield code="0">(OCoLC)fst01423814</subfield></datafield><datafield ind1=" " ind2="7" tag="650"><subfield code="a">Feminism.</subfield><subfield code="2">fast</subfield><subfield code="0">(OCoLC)fst00922671</subfield></datafield><datafield ind1=" " ind2="7" tag="651"><subfield code="a">Ohio</subfield><subfield code="z">Oberlin.</subfield><subfield code="2">fast</subfield><subfield code="0">(OCoLC)fst01219718</subfield></datafield><datafield ind1=" " ind2=" " tag="752"><subfield code="a">United States</subfield><subfield code="b">Ohio</subfield><subfield code="c">Lorain</subfield><subfield code="d">Oberlin.</subfield></datafield><datafield ind1="0" ind2="0" tag="785"><subfield code="a">Ruby (Oberlin, Ohio)</subfield><subfield code="w">(DLC)sn 91069268</subfield></datafield><datafield ind1=" " ind2=" " tag="936"><subfield code="a">Jan. 1978</subfield></datafield></record>